@online{oculushardware,
	author = {Oculus VR LLC},
	title = {Oculus Rift},
	year = 2016,
	url = {https://www3.oculus.com/en-us/rift/},
	urldate = {2016-11-12}
}

@online{riftinfo,
	author = {Rift Info},
	title = {Oculus Rift Specs - DK1 VS DK2 Comparison},
	url = {http://riftinfo.com/oculus-rift-specs-dk1-vs-dk2-comparison},
	urldate = {2016-11-12}
}

@online{sensicsosvr,
	author = {Sensics},
	title = {OSVR HDK Hardware},
	url = {http://sensics.com/osvr-hdk-hardware/},
	urldate = {2016-11-12}
}

@online{vivehardware,
	author = {HTC Corporation},
	title = {Vive},
	url = {https://www.vive.com/us/product/},
	urldate = {2016-11-12}
}

@online{osvrhardware,
	author = {Open Source Virtual Reality},
	title = {OSVR},
	url = {http://www.osvr.org/},
	urldate = {2016-11-12}
}

@online{wiibrew,
	author = {Wiibrew},
	title = {Wiimote},
	url = {http://wiibrew.org/wiki/Wiimote},
	urldate = {2016-11-12}
}

@online{leaphardware},
	author = {Leap Motion Inc},
	title = {Leap Motion},
	url = {https://www.leapmotion.com/},
	urldate = {2016-11-12}
}
